@book{malvino,
  title={Electronic Principles},
  author={Bates, D. and Malvino, A.},
  isbn={9781259200144},
  year={2015},
  publisher={McGraw-Hill US Higher Ed USE Legacy}
}
@book{jaeger,
  title={Microelectronic Circuit Design},
  author={Jaeger, R.C. and Blalock, T.},
  isbn={9780073529608},
  year={2015},
  publisher={McGraw-Hill Education}
}
@book{sedra,
  title={Microelectronic Circuits},
  author={Sedra, A.S. and Smith, K.C.},
  isbn={9780199339136},
  year={2015},
  publisher={Oxford University Press}
}